<record><leader>00000cas a22000007a 4500</leader><controlfield tag="001">5573115</controlfield><controlfield tag="008">791022d18591868nyuwr ne      0    0eng d</controlfield><datafield ind1=" " ind2=" " tag="010"><subfield code="a">sn 83030745 </subfield></datafield><datafield ind1=" " ind2=" " tag="040"><subfield code="a">IAZ</subfield><subfield code="b">eng</subfield><subfield code="c">IAZ</subfield><subfield code="d">NPU</subfield><subfield code="d">NYG</subfield><subfield code="d">MGN</subfield><subfield code="d">YOX</subfield><subfield code="d">CNK</subfield><subfield code="d">OCL</subfield><subfield code="d">OCLCF</subfield><subfield code="d">OCLCO</subfield><subfield code="d">DLC</subfield><subfield code="d">AGL</subfield></datafield><datafield ind1=" " ind2=" " tag="042"><subfield code="a">msc</subfield></datafield><datafield ind1="0" ind2="0" tag="050"><subfield code="a">Newspaper</subfield></datafield><datafield ind1=" " ind2="4" tag="050"><subfield code="a">SF321</subfield><subfield code="b">.W6</subfield></datafield><datafield ind1="0" ind2=" " tag="070"><subfield code="a">410</subfield><subfield code="b">W65</subfield></datafield><datafield ind1="0" ind2="0" tag="245"><subfield code="a">Wilkes' spirit of the times.</subfield></datafield><datafield ind1=" " ind2=" " tag="260"><subfield code="a">New York [N.Y. :</subfield><subfield code="b">s.n.],</subfield><subfield code="c">1859-1868.</subfield></datafield><datafield ind1=" " ind2=" " tag="300"><subfield code="a">18 v. :</subfield><subfield code="b">ill. ;</subfield><subfield code="c">41 cm.</subfield></datafield><datafield ind1=" " ind2=" " tag="310"><subfield code="a">Weekly</subfield></datafield><datafield ind1="0" ind2=" " tag="362"><subfield code="a">Vol. 1, no. 1 (Sept. 10, 1859)-v. 18, no. 19 (June 27, 1868).</subfield></datafield><datafield ind1=" " ind2=" " tag="500"><subfield code="a">"The American gentleman's newspaper."</subfield></datafield><datafield ind1=" " ind2=" " tag="500"><subfield code="a">"A chronicle of the turf, field sports, literature and the stage."</subfield></datafield><datafield ind1=" " ind2=" " tag="500"><subfield code="a">Editor: George Wilkes.</subfield></datafield><datafield ind1=" " ind2=" " tag="580"><subfield code="a">Appeared concurrently with: Spirit of the times (New York, N.Y. : 1837), Sept. 17, 1859-June 22, 1861; and with: Porter's spirit of the times, Sept. 17, 1859-&lt;Nov. 2, 1861&gt;.</subfield></datafield><datafield ind1=" " ind2="0" tag="651"><subfield code="a">New York (N.Y.)</subfield><subfield code="v">Newspapers.</subfield></datafield><datafield ind1=" " ind2="7" tag="651"><subfield code="a">New York (State)</subfield><subfield code="z">New York.</subfield><subfield code="2">fast</subfield><subfield code="0">(OCoLC)fst01204333</subfield></datafield><datafield ind1=" " ind2="7" tag="655"><subfield code="a">Newspapers.</subfield><subfield code="2">fast</subfield><subfield code="0">(OCoLC)fst01423814</subfield></datafield><datafield ind1=" " ind2=" " tag="752"><subfield code="a">United States</subfield><subfield code="b">New York</subfield><subfield code="c">New York</subfield><subfield code="d">New York.</subfield></datafield><datafield ind1="0" ind2="0" tag="785"><subfield code="t">Spirit of the times</subfield><subfield code="c">(New York, N.Y. : 1868)</subfield><subfield code="w">(DLC)sn 83030749</subfield></datafield><datafield ind1="1" ind2=" " tag="787"><subfield code="t">Spirit of the times (New York, N.Y. : 1837)</subfield><subfield code="w">(DLC)sn 83030742</subfield><subfield code="w">(OCoLC)2268039</subfield></datafield><datafield ind1="1" ind2=" " tag="787"><subfield code="t">Porter's spirit of the times</subfield><subfield code="w">(DLC)sn 83030743</subfield><subfield code="w">(OCoLC)5573258</subfield></datafield><datafield ind1="1" ind2=" " tag="029"><subfield code="a">AU@</subfield><subfield code="b">000020226787</subfield></datafield></record>